@inproceedings{mansouri2021learning,
  author = {Mansouri, Behrooz and Zanibbi, Richard and Oard, Douglas W.},
  title = {Learning to Rank for Mathematical Formula Retrieval},
  year = {2021},
  isbn = {9781450380379},
  publisher = {Association for Computing Machinery},
  address = {New York, NY, USA},
  doi = {10.1145/3404835.3462956},
  booktitle = {Proceedings of the 44th International ACM SIGIR Conference on Research and Development in Information Retrieval},
  pages = {952-961},
  numpages = {10},
  keywords = {learning to rank, formula retrieval, math information retrieval},
  location = {Virtual Event, Canada},
  series = {SIGIR '21}
}

@inproceedings{watt2008dml,
  title = "{Mathematical Document Classification via Symbol Frequency Analysis}",
  booktitle = "{Towards Digital Mathematics Library---Proceedings of
   DML 2008}",
  editor = {Petr Sojka},
  author=    "Stephen M. Watt",
    year =     "2008",
  pages =    "29--40",
  isbn = {978-80-210-4658-0},
  address = "Birmingham, UK",
  publisher = "Masaryk University",
  month = Jul,
  url = "http://dml.cz/dmlcz/702564",
}

@thesis{cacek2004konverze,
  author = {Josef Cacek},
  title = "{Konverze technických textů z MathML do Braille}",
  year = 2004,
  month = Feb,
  TYPE = "mathesis",
  institution = {Faculty of Informatics, Masaryk University},
  supervisor = "Petr Sojka",

  location = {Brno},
  url = "https://is.muni.cz/th/m3ahv/",

  urldate = {2021-10-01},
}

@thesis{jarmar2012conversion,
  author = {Martin Jarmar},
  title = "{Conversion of Mathematical Documents into Braille}",
  year = 2012,
  month = Feb,
  TYPE = "mathesis",
  institution = {Faculty of Informatics, Masaryk University},
  supervisor = "Petr Sojka",
  locaton = {Brno},
  url = "https://is.muni.cz/th/t3e0k/",
  urldate = {2021-10-01},
}

@MastersThesis{kucbel2013thesis,
  AUTHOR = {Kucbel, Maroš},
  TITLE = "Normativní textový zápis matematických formulí",
  YEAR = "2013",
  TYPE = "bathesis",
  institution = {Faculty of Informatics, Masaryk University},
  SUPERVISOR = "Petr Sojka",
  URL = "https://is.muni.cz/th/lfnzv/",
  urldate = {2021-10-01},
}

@inproceedings{youssef2006roles,
  author =       {Abdou S. Youssef},
  affiliation = {Department of Computer Science, The George Washington University, Washington DC, 20052 USA},
  title =        {Roles of Math Search in Mathematics},
  booktitle =    {The 5th International Conference on Mathematical Knowledge
                  Management},
  series = {Lecture Notes in Computer Science},
  editor = {Borwein, Jonathan and Farmer, William},
  pages = {2-16},
  volume = {4108},
  publisher = {Springer},
  year =         2006,
  month =        Aug,
  location =     {Wokingham, UK},
  doi = {10.1007/11812289_2},
}

@inproceedings{sojka2013accessibility,
  title = {{Accessibility Issues in Digital Mathematical Libraries}},
  author = {Petr Sojka and Michal R{\r u}{\v z}i{\v c}ka and 
      Maro{\v s} Kucbel and Martin Jarmar},
  booktitle = {Proceedings of the Conference Universal Learning Design},
  volume = {3},
  isbn = {978-80-210-6270-2},
  issn = {1805-3947},
  year = 2013,
  month = Feb,
  publisher = {Masaryk University},
  pages = {89-97},
  url = {http://www.uld-conference.org/files_of_downloads/2013/ULD2013_Proceedings.pdf},
}

@incollection{archambault2006canonical,
  author = {Dominique Archambault and Victor Mo{\c c}o},
  affiliation = {Universit\'e Pierre et Marie Curie, Inserm U483/INOVA, 
      9 quai Saint Bernard, 75252 Paris cedex 5 France France},
  title = {{Canonical MathML to Simplify Conversion of MathML
      to Braille Mathematical Notations}},
  booktitle = {Computers Helping People with Special Needs},
  series = {Lecture Notes in Computer Science},
  editor = {Klaus Miesenberger and Joachim Klaus and Wolfgang Zagler 
      and Arthur Karshmer},
  publisher = {Springer-Verlag Berlin Heidelberg},
  pages = {1191-1198},
  volume = 4061,
  doi = {10.1007/11788713_172},
  year = 2006
}

@inproceedings{formanek2012normalization,
      title = {Normalization of Digital Mathematics Library Content},
     author = {David Form{\'a}nek and Martin L{\'i}{\v s}ka
           and Michal R{\r u}{\v z}i{\v c}ka and Petr Sojka},
      pages = {91--103},
        url = {http://ceur-ws.org/Vol-921/wip-05.pdf},
   crossref = {ceur:921},
}

@proceedings{ceur:921,
  booktitle = {24th OpenMath Workshop, 7th Workshop on Mathematical User
               Interfaces (MathUI), and Intelligent Computer Mathematics Work
               in Progress},
      title = {Joint Proceedings of the 24th OpenMath Workshop, the 7th
               Workshop on Mathematical User Interfaces (MathUI), and the Work
               in Progress Section of the Conference on Intelligent Computer
               Mathematics},
       year = 2012,
     editor = {James Davenport and Johan Jeuring and Christoph Lange
               and Paul Libbrecht},
     number = 921,
     series = {CEUR Workshop Proceedings},
    address = {Aachen},
       issn = {1613-0073},
        url = {http://ceur-ws.org/Vol-921/},
   location = {Bremen, Germany},
}

@book{cole2014developing,
  title = {Developing a 21st Century Global Library for Mathematics Research},
  author = {Cole, TW and Daubechies, I and Carley, KM and Klavans, JL and LeCun, Y and Lesk, M and Lynch, CA and Olver, P and Pitman, J and Xia, ZJ},
  year = {2014},
  publisher = {The National Academies Press},
  location = {Washington, DC},
  url = {https://arxiv.org/abs/1404.1905v1},
  urldate = {2021-10-15},
}

@article{zhu2021retrieving,
  title = {Retrieving and reading: A comprehensive survey on open-domain question answering},
  author = {Zhu, Fengbin and Lei, Wenqiang and Wang, Chao and Zheng, Jianming and Poria, Soujanya and Chua, Tat-Seng},
  journal = {arXiv preprint arXiv:2101.00774v3},
  year = {2021},
  url = {https://arxiv.org/abs/2101.00774v3},
  urldate = {2021-10-06},
}

@thesis{misutka2007mathematical,
  author = {Mišutka, Josef},
  title = {Mathematical Search Engine},
  year = 2007,
  TYPE = "candthesis",
  institution = {Faculty of Mathematics and Physics, Charles University},
  supervisor = "Leo Galamboš",
  location = {Prague},
  url = "https://dspace.cuni.cz/handle/20.500.11956/36035",
  urldate = {2021-10-06},
}

@book{hall2018introduction,
  title = {Introduction to Machine Learning Interpretability},
  author = {Hall, Patrick and Gill, Navdeep},
  year = {2018},
  publisher = {O'Reilly},
  edition = {2},
  url = {https://www.h2o.ai/wp-content/uploads/2019/08/An-Introduction-to-Machine-Learning-Interpretability-Second-Edition.pdf},
}

@article{altamimi2008math,
  title = {A math query language with an expanded set of wildcards},
  author = {Altamimi, Moody Ebrahem and Youssef, Abdou},
  journal = {Mathematics in Computer Science},
  volume = {2},
  number = {2},
  pages = {305--331},
  year = {2008},
  publisher = {Springer},
}

@unpublished{zannibi2021arqmath,
  eventtitle = {CLEF 2021: Conference and Labs of the Evaluation Forum},
  eventtitleaddon = {Information Access Evaluation meets
                     Multilinguality, Multimodality, and Visualization},
  eventdate = {2021-09-21},
  eventvenue = {online},
  title = {ARQMath-2, Session 3},
  subtitle = {Task 2 and Future Directions},
  author = {Richard Zannibi},
  date = {2021-09-23},
}

@unpublished{watt2016semantic,
  eventtitle = {Semantic Representation of Mathematical Knowledge Workshop},
  eventtitleaddon = {Towards a Semantic Language of Mathematics},
  eventdate = {2016-02-03},
  eventvenue = {Fields Institute, Toronto, Canada},
  title = {Putting the ``Symbolic'' into Symbolic Computation},
  subtitle = {Towards a Semantic Representation for the World Mathematical Heritage},
  author = {Watt, Stephen M.},
  date = {2016-02-05},
  url = {https://video-archive.fields.utoronto.ca/view/4698},
  note = {1:04:40},
  urldate = {2021-10-06},
}

@unpublished{avigad2016type,
  eventtitle = {Semantic Representation of Mathematical Knowledge Workshop},
  eventtitleaddon = {Towards a Semantic Language of Mathematics},
  eventdate = {2016-02-03},
  eventvenue = {Fields Institute, Toronto, Canada},
  title = {Type Theory and Practical Foundations},
  subtitle = {Part 1) Type Theory and Practical Foundations, Part 2) Homotopy Type Theory},
  author = {Jeremy Avigad},
  date = {2016-02-03},
  url = {https://video-archive.fields.utoronto.ca/view/4680},
  urldate = {2021-10-06},
}

@unpublished{trott2016overview,
  eventtitle = {Semantic Representation of Mathematical Knowledge Workshop},
  eventtitleaddon = {Towards a Semantic Language of Mathematics},
  eventdate = {2016-02-03},
  eventvenue = {Fields Institute, Toronto, Canada},
  title = {Semantic Representations of Mathematical Knowledge},
  subtitle = {Overview},
  author = {Michael Trott},
  date = {2016-02-03},
  url = {https://video-archive.fields.utoronto.ca/view/4679},
  urldate = {2021-10-06},
}

@thesis{ruzicka2018math,
  author = {Růžička, Michal},
  title = {Math Information Retrieval for Digital Libraries},
  year = 2018,
  type = "phdthesis",
  institution = {Faculty of Informatics, Masaryk University},
  supervisor = "Petr Sojka",
  location = {Brno},
  url = {https://is.muni.cz/th/pxz4q/},
  urldate = {2020-01-13},
}

@book{kamareddine2021intelligent,
  title = {Intelligent Computer Mathematics},
  subtitle = {14th International Conference, CICM 2021, Timisoara, Romania, July 26–31, 2021, Proceedings},
  editor = {Kamareddine, Fairouz D and Coen, Claudio Sacerdoti},
  date = {2021},
  publisher = {Springer},
  location = {Cham, Germany},
  isbn = {978-3-030-81097-9},
  doi = {10.1007/978-3-030-81097-9},
  pagetotal = {xx, 249},
}

@inproceedings{kim2012mathematical,
  title = {Mathematical equation retrieval using plain words as a query},
  author = {Kim, Shinil and Yang, Seon and Ko, Youngjoong},
  booktitle = {Proceedings of the 21st ACM international conference on Information and knowledge management},
  pages = {2407--2410},
  year = {2012},
  url = {https://nlp.skku.edu/papers/ic15.pdf},
}

@inproceedings{bancerek2015mizar,
  title = {Mizar: State-of-the-art and beyond},
  author = {Bancerek, Grzegorz and Byli{\'n}ski, Czes{\l}aw and Grabowski, Adam and Korni{\l}owicz, Artur and Matuszewski, Roman and Naumowicz, Adam and Pak, Karol and Urban, Josef},
  booktitle = {International Conference on Intelligent Computer Mathematics},
  pages = {261--279},
  year = {2015},
  organization = {Springer},
  doi = {10.1007/978-3-319-20615-8_17},
}

@inproceedings{larson2013abject,
  title = {The Abject Failure of Keyword IR for Mathematics Search: Berkeley at NTCIR-10 Math},
  author = {Larson, Ray R and Reynolds, Chloe and Gey, Fredric C},
  booktitle = {Proceedings of the 10th NTCIR Conference},
  volume = {10},
  location = {Tokyo, Japan},
  organization = {National Institute of Informatics (NII)},
  year = {2013},
  pages = {662-666},
  url = {http://ntcir-math.nii.ac.jp/wp-content/blogs.dir/23/files/2013/10/02-NTCIR10-MATH-LarsonRR.pdf},
}

@article{guidi2016survey,
  title = {A survey on retrieval of mathematical knowledge},
  author = {Guidi, Ferruccio and Coen, Claudio Sacerdoti},
  journal = {Mathematics in Computer Science},
  volume = {10},
  number = {4},
  pages = {409--427},
  year = {2016},
  publisher = {Springer},
  url = {https://www.cs.unibo.it/~sacerdot/PAPERS/main_mcs.pdf},
}

@inproceedings{delahaye1999information,
  title = {Information retrieval in a Coq proof library using type isomorphisms},
  author = {Delahaye, David},
  booktitle = {International Workshop on Types for Proofs and Programs},
  pages = {131--147},
  year = {1999},
  organization = {Springer},
}

@inproceedings{altamimi2007more,
  title = {A more canonical form of content MathML to facilitate math search},
  author = {Altamimi, Moody E and Youssef, Abdou},
  booktitle = {Proc. Extreme Markup Languages},
  year = {2007},
  pages = {1-12},
  numpages = {12},
}

@incollection{miner2007approach,
  title = {An approach to mathematical search through query formulation and data normalization},
  author = {Miner, Robert and Munavalli, Rajesh},
  booktitle = {Towards Mechanized Mathematical Assistants},
  pages = {342--355},
  year = {2007},
  publisher = {Springer},
}

@incollection{normann2007extended,
  title = {Extended formula normalization for $\varepsilon$-retrieval and sharing of mathematical knowledge},
  author = {Normann, Immanuel and Kohlhase, Michael},
  booktitle = {Towards Mechanized Mathematical Assistants},
  pages = {356--370},
  year = {2007},
  publisher = {Springer},
}

@inproceedings{gauthier2014matching,
  title = {Matching concepts across HOL libraries},
  author = {Gauthier, Thibault and Kaliszyk, Cezary},
  booktitle = {International Conference on Intelligent Computer Mathematics},
  pages = {267--281},
  year = {2014},
  organization = {Springer},
  url = {https://arxiv.org/abs/1405.3906v1},
}

@article{ruzicka2017towards,
  title = {Towards Math-Aware Automated Classification and Similarity
           Search of Scientific Publications},
  subtitle = {Methods of Mathematical Content Representations},
  author = {Michal Růžička and Petr Sojka},
  journal = {arXiv preprint arXiv:2110.04040v1},
  year = {2021},
  url = {https://arxiv.org/abs/2110.04040v1},
  urldate = {2021-10-11},
}

@inproceedings{libbrecht2006methods,
  title = {{Methods to access and retrieve mathematical content in \textsc{ActiveMath}}},
  author = {Libbrecht, Paul and Melis, Erica},
  booktitle = {International Congress on Mathematical Software},
  pages = {331--342},
  year = {2006},
  organization = {Springer},
}

@inproceedings{miller2013three,
  title = {Three years of {DLMF}: web, math and search},
  author = {Miller, Bruce R},
  booktitle = {International Conference on Intelligent Computer Mathematics},
  pages = {288--295},
  year = {2013},
  organization = {Springer},
}

@unpublished{daubechies2021arqmath,
  eventtitle = {ICM 2014},
  eventdate = {2014-10-13},
  eventvenue = {Seoul, Korea},
  title = {IMU Panel 3},
  subtitle = {World Digital Mathematics Library},
  author = {Ingrid Daubechies and Thierry Bouche and Gert-Martin Greuel
            and Rajaava L. Karandikar and June Zhang},
  date = {2014-10-20},
  url = {https://www.youtube.com/watch?v=OERXmv2oIyU},
}

@book{buttcher2010information,
  title = {Information Retrieval},
  subtitle = {Implementing and Evaluating Search Engines},
  author = {B{\"u}ttcher, S. and Clarke, C.L.A. and Cormack, G.V.},
  isbn = {9780262026512},
  year = {2010},
  publisher = {MIT Press}
}

@inproceedings{mikolov2013distributed,
  title = {Distributed Representations of Words and Phrases and their Compositionality},
  author = {Mikolov, Tomáš and Sutskever, Ilya and Chen, Kai and Corrado, Greg S and Dean, Jeff},
  booktitle = {Advances in Neural Information Processing Systems},
  volume = {26},
  editor = {C. J. C. Burges and L. Bottou and M. Welling and Z. Ghahramani and K. Q. Weinberger},
  pages = {3111--3119},
  year = 2013,
  publisher = {Curran Associates, Inc.},
  url = {http://papers.nips.cc/paper/5021-distributed-representations-of-words-and-phrases-and-their-compositionality.pdf},
}

@inproceedings{reimers2019sentencebert,
  title = "Sentence-{BERT}: Sentence Embeddings using {S}iamese {BERT}-Networks",
  author = "Reimers, Nils and Gurevych, Iryna",
  booktitle = "Proceedings of the 2019 Conference on Empirical Methods in
               Natural Language Processing and the 9th International Joint Conference
               on Natural Language Processing (EMNLP-IJCNLP)",
  year = 2019,
  address = "Hong Kong, China",
  publisher = "Association for Computational Linguistics",
  url = "https://www.aclweb.org/anthology/D19-1410",
  doi = "10.18653/v1/D19-1410",
  pages = "3982--3992",
}

@inproceedings{khattab2020colbert,
  author = {Khattab, Omar and Zaharia, Matei},
  title = {Col{BERT}: Efficient and Effective Passage Search via Contextualized
           Late Interaction over {BERT}},
  year = {2020},
  isbn = {9781450380164},
  publisher = {Association for Computing Machinery},
  address = {New York, NY, USA},
  url = {https://doi.org/10.1145/3397271.3401075},
  doi = {10.1145/3397271.3401075},
}

@article{zhenzhong2019albert,
  title = {{ALBERT}},
  subtitle = {A Lite {BERT} for Self-supervised Learning of Language Representations},
  author = {Zhenzhong Lan and Mingda Chen and Sebastian Goodman and Kevin Gimpel
            and Piyush Sharma and Radu Soricut},
  journal = {arXiv preprint arXiv:1909.11942v6},
  year = {2020},
  url = {https://arxiv.org/abs/1909.11942v6},
  urldate = {2021-10-13},
}

@inproceedings{valiente2001efficient,
  title = {An Efficient Bottom-Up Distance between Trees},
  author = {Valiente, Gabriel},
  booktitle = {Proceedings of the eighth symposium on string processing and information retrieval},
  pages = {212-219},
  year = {2001}
}

@article{zhang1989simple,
  title = {Simple fast algorithms for the editing distance between trees and related problems},
  author = {Zhang, Kaizhong and Shasha, Dennis},
  journal = {SIAM journal on computing},
  volume = {18},
  number = {6},
  pages = {1245--1262},
  year = {1989},
  publisher = {SIAM},
}

@inproceedings{zanibbi2020overview,
  title = {Overview of {ARQMath} 2020},
  titleaddon = {Updated Working Notes Version},
  subtitle = {{CLEF} Lab on Answer Retrieval for Questions on Math},
  author = {Zanibbi, Richard and Oard, Douglas W and Anurag Agarwal and Mansouri, Behrooz},
  pages = {1-27},
  crossref = {cappallato2020clef},
  url = {http://ceur-ws.org/Vol-2696/paper_271.pdf},
  urldate = {2021-10-23},
}

@inproceedings{mansouri2020dprl,
  title = {{DPRL} Systems in the {CLEF} 2020 {ARQMath} Lab},
  author = {Mansouri, Behrooz and Oard, Douglas W and Zanibbi, Richard},
  pages = {41-52},
  crossref = {cappallato2020clef},
  url = {http://ceur-ws.org/Vol-2696/paper_223.pdf},
  urldate = {2021-10-13},
}

@proceedings{cappallato2020clef,
  editor = {Linda Cappellato and Carsten Eickhoff and Nicola Ferro and Aurélie Névéol},
  booktitle = {{CLEF} 2020 Working Notes},
  booksubtitle = {Proceedings of the Working Notes of {CLEF} 2020 --
                  Conference and Labs of the Evaluation Forum},
  publisher = {{CEUR-WS}},
  address = {Thessaloniki, Greece},
  volume = 2696,
  year = 2020,
  url = {http://ceur-ws.org/Vol-2696/},
}

@inproceedings{behrooz2021overview,
  title = {Overview of {ARQMath}-2 (2021)},
  subtitle = {Second {CLEF} Lab on Answer Retrieval for Questions on Math},
  titleaddon = {Working Notes Version},
  author = {Mansouri, Behrooz and Zanibbi, Richard and Oard, Douglas W and Anurag Agarwal},
  pages = {1-24},
  crossref = {faggioli2021clef},
  url = {http://ceur-ws.org/Vol-2936/paper-01.pdf},
  urldate = {2021-10-23},
}

@inproceedings{mansouri2021dprl,
  title = {{DPRL} Systems in the {CLEF} 2021 {ARQMath} Lab},
  subtitle = {Sentence-{BERT} for Answer Retrieval, Learning-to-Rank for Formula Retrieval},
  author = {Mansouri, Behrooz and Oard, Douglas W and Zanibbi, Richard},
  pages = {47-62},
  crossref = {faggioli2021clef},
  url = {http://ceur-ws.org/Vol-2936/paper-04.pdf},
  urldate = {2021-10-13},
}

@inproceedings{zhong2021approach,
  title = {Approach Zero and Anserini at the {CLEF}-2021 {ARQMath} Track},
  subtitle = {Applying Substructure Search and {BM25} on Operator Tree Path Tokens},
  author = {Wei Zhong and Xinyu Zhang and Ji Xin and Richard Zanibbi and Jimmy Lin},
  pages = {133-156},
  crossref = {faggioli2021clef},
  url = {http://ceur-ws.org/Vol-2936/paper-09.pdf},
  urldate = {2021-10-13},
}

@inproceedings{reusch2021tudbs,
  title = {{TU\_DBS} in the {ARQMath} Lab 2021, {CLEF}},
  author = {Wei Zhong and Xinyu Zhang and Ji Xin and Richard Zanibbi and Jimmy Lin},
  pages = {107-124},
  crossref = {faggioli2021clef},
  url = {http://ceur-ws.org/Vol-2936/paper-07.pdf},
  urldate = {2021-10-13},
}

@proceedings{faggioli2021clef,
  editor = {Guglielmo Faggioli and Nicola Ferro and Alexis Joly and
            Maria Maistro and Florina Piroi},
  booktitle = {{CLEF} 2021 Working Notes},
  booksubtitle = {Proceedings of the Working Notes of {CLEF} 2021 --
                  Conference and Labs of the Evaluation Forum},
  publisher = {{CEUR-WS}},
  address = {Bucharest, Romania},
  volume = 2936,
  year = 2021,
  url = {http://ceur-ws.org/Vol-2936/},
}

@thesis{zhong2015novel,
  author = {Zhong Wei},
  title = {A novel similarity-search method for mathematical content in
           {\LaTeX} markup and its implementation},
  year = 2015,
  type = "mathesis",
  institution = {University of Delaware},
  supervisor = {Hui Fang},
  location = {Newark, Delaware},
  url = {https://github.com/tkhost/tkhost.github.io/raw/master/opmes/thesis-ref.pdf},
  urldate = {2020-01-13},
}

@inproceedings{zhong2016opmes,
  author = "Zhong, Wei and Fang, Hui",
  editor = "Ferro, Nicola and Crestani, Fabio and Moens, Marie-Francine and Mothe, Josiane
            and Silvestri, Fabrizio and Di Nunzio, Giorgio Maria and Hauff, Claudia
            and Silvello, Gianmaria",
  title = "{OPMES}",
  subtitle = "A Similarity Search Engine for Mathematical Content",
  booktitle = "European Conference on Information Retrieval",
  year = "2016",
  publisher = "Springer International Publishing",
  address = "Cham",
  pages = "849-852",
  isbn = {978-3-030-15712-8},
  doi = {10.1007/978-3-319-30671-1_79},
}

@inproceedings{zhong2019structural,
  author = "Zhong, Wei and Zannibi, Richard",
  editor = "Azzopardi, Leif and Stein, Benno and Fuhr, Norbert and
            Mayr, Philipp and Hauff, Claudia and Hiemstra, Djoerd",
  title = "Structural Similarity Search for Formulas Using Leaf-Root
           Paths in Operator Subtrees",
  booktitle = "European Conference on Information Retrieval",
  year = "2019",
  publisher = "Springer International Publishing",
  address = "Cham",
  pages = "116-129",
  isbn = {978-3-030-15712-8},
  url = {10.1007/978-3-030-15712-8_8},
}

@inproceedings{zhong2020accelerating,
  author = "Zhong, Wei and Rohatgi, Shaurya and Wu, Jian and
            Giles, C. Lee and Zanibbi, Richard",
  editor = "Jose, Joemon M. and Yilmaz, Emine and Magalh{\~a}es,
            Jo{\~a}o and Castells, Pablo and Ferro, Nicola and
            Silva, M{\'a}rio J. and Martins, Fl{\'a}vio",
  title = "Accelerating Substructure Similarity Search for Formula
           Retrieval",
  booktitle = "European Conference on Information Retrieval",
  year = "2020",
  publisher = "Springer International Publishing",
  address = "Cham",
  pages = "714-727",
  isbn = {978-3-030-15712-8},
  doi = {10.1007/978-3-030-45439-5_47},
}

@inproceedings{bouche2008some,
  title = {Some Thoughts on the Near-Future Digital Mathematics Library},
  author = {Thierry Bouche},
  pages = {3-15},
  crossref = {sojka2008towards},
  url = {http://dml.cz/dmlcz/702540},
}

@proceedings{sojka2008towards,
  booktitle = "{Towards a Digital Mathematical Library}",
  booksubtitle = "{Proceedings of {DML} 2008}",
  editor = "Petr Sojka",
  year = 2008,
  address = "Birmingham, {UK}",
  publisher = {Masaryk University Press},
  place = {Brno},
  isbn = {978-80-210-4658-0},
  month = Jul,
  url = {https://dml.cz/dmlcz/702564},
}

@inproceedings{liska2011web,
  title = {Web Interface and Collection for Mathematical Retrieval},
  subtitle = {WebMIaS and {MREC}},
  author = {Martin Líška and Petr Sojka and Michal Růžička and
            Petr Mravec},
  pages = {77-84},
  crossref = {sojka2011towards},
  url = {http://dml.cz/dmlcz/702604},
}

@proceedings{sojka2011towards,
  booktitle = "{Towards a Digital Mathematical Library}",
  booksubtitle = "{Proceedings of {DML} 2011}",
  editor = "Petr Sojka and Thierry Bouche",
  year = 2011,
  address = "Bertinoro, Italy",
  publisher = {Masaryk University Press},
  place = {Brno},
  isbn = {978-80-210-4658-0},
  month = Jul,
  url = {https://dml.cz/dmlcz/702594},
  urldate = {2020-01-10},
}

@online{novotny2021proposal,
  title = {A proposal for {ARQMath-3} Task {1B}},
  subtitle = {Open-Domain Question Answering},
  author = {Vít Novotný},
  url = {https://groups.google.com/g/arqmath-lab/c/HQ8O4QXeXoI/m/X3ic6B-0BAAJ},
  urldate = {2021-10-13},
}

@phdthesis{novotny2020document,
  author = {Novotný, Vít},
  supervisor = {Sojka, Petr},
  title = {Document Representations for Fast and Accurate Retrieval of
           Mathematical Information},
  year = {2020},
  type = {phdthesis},
  institution = {Masaryk University, Faculty of Informatics},
  location = {Brno},
  url = {https://is.muni.cz/th/x86jd/},
}

@inproceedings{novotny2018implementation,
  title = {Implementation Notes for the Soft Cosine Measure},
  author = {Novotný, Vít},
  booktitle = {Proceedings of the 27th {ACM} International Conference
               on Information and Knowledge Management},
  pages = {1639-1642},
  year = {2018},
  doi = {10.1145/3269206.3269317},
}

@inproceedings{sojka2018mias,
  title = {{MIaS}},
  title = {Math-Aware Retrieval in Digital Mathematical Libraries},
  author = {Novotný, Vít},
  booktitle = {Proceedings of the 27th {ACM} International Conference
               on Information and Knowledge Management},
  pages = {1923-1926},
  year = {2018},
  doi = {10.1145/3269206.3269233},
}

@inproceedings{rygl2017semantic,
  title = {Semantic Vector Encoding and Similarity Search Using Fulltext Search Engines},
  author = "Rygl, Jan  and
    Pomikálek, Jan  and
    Řehůřek, Radim  and
    Růžička, Michal  and
    Novotný, Vít  and
    Sojka, Petr",
  booktitle = "Proceedings of the 2nd Workshop on Representation Learning for {NLP}",
  month = aug,
  year = "2017",
  address = "Vancouver, Canada",
  publisher = "Association for Computational Linguistics",
  doi = "10.18653/v1/W17-2611",
  pages = "81-90",
}

@inproceedings{ruzicka2017flexible,
  title = {Flexible Similarity Search of Semantic Vectors Using Fulltext Search Engines},
  author = {Růžička, Michal and Novotný, Vít and Sojka, Petr and Pomikálek, Jan and Řehůřek, Radim},
  journal = {HybridSemStats Workshop Proceedings},
  volume = {1923},
  pages = {1-12},
  year = {2017},
  url = {http://ceur-ws.org/Vol-1923/article-01.pdf},
}

@inproceedings{luptak2021deploying,
  author = {Lupták, Dávid and Novotný, Vít and Štefánik, Michal and Sojka, Petr},
  address = {Timisoara, Romania},
  title = {WebMIaS on Docker},
  subtitle = {Deploying Math-Aware Search in a Single Line of Code},
  booktitle = {Intelligent Computer Mathematics: 14th International Conference, CICM 2021, Timisoara, Romania, July 26–31, 2021, Proceedings},
  editor = {Fairouz Kamareddine and Claudio Sacerdotti-Coen},
  keywords = {Math Information Retrieval; WebMIaS; MIaS; Docker Virtualization; Digital Mathematical Libraries; Math Web Search; EuDML; ARQMath},
  location = {Timisoara, Romania},
  isbn = {978-3-030-81096-2},
  pages = {159-164},
  publisher = {Springer},
  doi = {http://dx.doi.org/10.1007/978-3-030-81097-9_13},
  year = {2021}
}

@online{novotny2020text,
  title = {Text classification with word embedding regularization and soft similarity measure},
  author = {Vít Novotný and Eniafe Festus Ayetiran and Michal Štefánik and Petr Sojka},
  year = {2020},
  url = {https://arxiv.org/abs/2003.05019v1},

  urldate = {2021-10-15},

}

@online{novotny2021when,
  title = {When FastText Pays Attention},
  subtitle = {Efficient Estimation of Word Representations using Constrained Positional Weighting},
  author = {Vít Novotný and Michal Štefánik and Eniafe Festus Ayetiran and Petr Sojka},
  year = {2021},
  url = {https://arxiv.org/abs/2003.05019v3},
  urldate = {2021-10-15},
  note = {To appear in the Journal of Universal Computer Science ({J.UCS}) after revision},
}

@article{novotny2020three,
  author = {Novotný, Vít and Sojka, Petr and Štefánik, Michal and Lupták, Dávid},
  issn = {1613-0073},
  journal = {CEUR Workshop Proceedings},
  title = {Three is Better than One},
  subtitle = {Ensembling Math Information Retrieval Systems},
  url = {http://ceur-ws.org/Vol-2696/paper_235.pdf},
  volume = {2020},
  issue = {2696},
  pages = {93-122},
  year = {2020}
}

@article{novotny2021ensembling,
  author = {Novotný, Vít and Štefánik, Michal and Lupták, Dávid and
            Geletka, Martin and Zelina, Petr and Sojka, Petr},
  issn = {1613-0073},
  journal = {CEUR Workshop Proceedings},
  title = {Ensembling Math Information Retrieval Systems},
  subtitle = {MIRMU and MSM at ARQMath 2021},
  url = {http://ceur-ws.org/Vol-2936/paper-06.pdf},
  volume = {2021},
  issue = {2936},
  pages = {82-106},
  year = {2021}
}

@article{ayetiran2021eds,
  title = {EDS-MEMBED},
  subtitle = {Multi-sense embeddings based on enhanced distributional
              semantic structures via a graph walk over word senses},
  author = {Ayetiran, Eniafe Festus and Sojka, Petr and Novotný, Vít},
  journal = {Knowledge-Based Systems},
  volume = {219},
  pages = {106902},
  year = {2021},
  publisher = {Elsevier}
}

@inproceedings{novotny2021one,
  author = {Novotný, Vít and Ayetiran, Eniafe Festus and Bačovský,
            Dalibor and Lupták, Dávid and Štefánik, Michal and Sojka,
            Petr},
  title = {One Size Does Not Fit All},
  subtitle = {Finding the Optimal Subword Sizes for FastText Models
              across Languages},
  address = {Varna, Bulgaria},
  booktitle = {Proceedings of the International Conference on Recent
               Advances in Natural Language Processing (RANLP 2021)},
  editor = {Mitkov, Ruslan and Angelova, Galia},
  location = {Varna, Bulgaria},
  pages = {1068-1074},
  publisher = {INCOMA Ltd.},
  doi = {10.26615/978-954-452-072-4_120},
  url = {https://ranlp.org/ranlp2021/proceedings-20Sep.pdf#page=1092},
  year = {2021}
}

@inproceedings{novotny2021interpretable,
  author = {Vít Novotný},
  title = {Interpretable Document Representations for Fast and Accurate
           Retrieval of Mathematical Information},
  booktitle = {{SIGIR} '21},
  booksubtitle = {Proceedings of the 44th International {ACM SIGIR}
                  Conference on Research and Development in Information
                  Retrieval},
  year = {2021},
  isbn = {9781450380379},
  publisher = {Association for Computing Machinery},
  address = {New York, {NY, USA}},
  doi = {10.1145/3404835.3463269},
  pages = {2705},
}

@inproceedings{novotny2018weighting,
  title = {Weighting of Passages in Question Answering},
  author = {Novotný, Vít and Sojka, Petr},
  editor = {Aleš Horák and Pavel Rychlý and Adam Rambousek},
  booktitle = {Proceedings of Recent Advances in Slavonic Natural Language Processing, {RASLAN} 2018},
  publisher = {Tribun {EU}},
  pages = {31--40},
  year = {2018},
  url = {https://nlp.fi.muni.cz/raslan/2018/paper06-Novotny_Sojka.pdf},
}

@article{sojka2019quo,
  title = {Quo vadis, Math Information Retrieval},
  author = {Sojka, Petr and Novotný, Vít and Ayetiran, Eniafe Festus and Lupták, Dávid and Štefánik, Michal},
  editor = {Aleš Horák and Pavel Rychlý and Adam Rambousek},
  booktitle = {Proceedings of Recent Advances in Slavonic Natural Language Processing, {RASLAN} 2019},
  publisher = {Tribun {EU}},
  pages = {117-128},
  year = {2019},
  url = {https://nlp.fi.muni.cz/raslan/2019/paper11-sojka.pdf},
}

@inproceedings{novotny2020art,
  title = {The Art of Reproducible Machine Learning},
  subtitle = {A Survey of Methodology in Word Vector Experiments},
  author = {Vít Novotný},
  editor = {Aleš Horák and Pavel Rychlý and Adam Rambousek},
  booktitle = {Proceedings of Recent Advances in Slavonic Natural Language Processing, {RASLAN} 2020},
  publisher = {Tribun {EU}},
  pages = {55-64},
  year = {2020},
  url = {https://nlp.fi.muni.cz/raslan/2020/paper7.pdf},
}

@inproceedings{mensik2020using,
  title = {Using {FCA} for Seeking Relevant Information Sources},
  author = {Marek Menšík Adam Albert and Vojtěch Patschka},
  editor = {Aleš Horák and Pavel Rychlý and Adam Rambousek},
  booktitle = {Proceedings of Recent Advances in Slavonic Natural Language Processing, {RASLAN} 2020},
  publisher = {Tribun {EU}},
  pages = {47-54},
  year = {2020},
  url = {https://nlp.fi.muni.cz/raslan/2020/paper4.pdf},
}

@thesis{stefanik2019semantic,
  author = {Štefánik, Michal},
  title = {Semantic Representation Learning},
  year = 2019,
  type = {mathesis},
  institution = {Faculty of Informatics, Masaryk University},
  supervisor = {Petr Sojka},
  location = {Brno},
  url = {https://is.muni.cz/th/bqz8u/},
  urldate = {2020-01-15},
}

@inproceedings{stefanik2021regressive,
  author = {Štefánik, Michal and Novotný, Vít and Sojka, Petr},
  title = {Regressive Ensemble for Machine Translation Quality
           Evaluation},
  booktitle = {Proceedings of {EMNLP} 2021 Sixth Conference on Machine
               Translation ({WMT} 21)},
  editor = {Markus Freitag},
  publisher = {{ACL}},
  numpages = {8},
  url = {https://arxiv.org/abs/2109.07242v1},
}

@online{krstowski2018equation,
  title = {Equation Embeddings},
  author = {Kriste Krstovski and Blei, David M},
  year = {2018},
  url = {https://arxiv.org/abs/1803.09123v1},
  urldate = {2021-10-15},
}

@incollection{wille1982restructuring,
  title = {Restructuring Lattice Theory},
  subtitle = {An approach based on hierarchies of concepts},
  author = {Wille, Rudolf},
  booktitle = {Ordered sets},
  pages = {445--470},
  year = {1982},
  publisher = {Springer},
}

@incollection{priss2005linguistic,
  title = {Linguistic applications of formal concept analysis},
  author = {Priss, Uta},
  booktitle = {Formal Concept Analysis},
  pages = {149--160},
  year = {2005},
  publisher = {Springer},
}

@unpublished{sojka2019semantic,
  eventtitle = {Machine Learning Prague 2019},
  eventsubtitle = {Practical conference about {ML}, {AI} and Deep Learning applications},
  eventdate = {2019-02-22},
  eventvenue = {Prague, Czech Republic},
  title = {Semantically Coherent Vector Space Representations},
  author = {Petr Sojka and Vít Novotný},
  date = {2019-02-23},
  url = {https://mir.fi.muni.cz/ml-prague-2019/#semantic-representations},
  urldate = {2021-10-16},
}

@online{lam2018word2bits,
  title = {Word2Bits},
  subtitle = {Quantized Word Vectors},
  author = {Maxmillian Lam},
  year = {2018},
  url = {https://arxiv.org/abs/1803.05651v3},
  urldate = {2021-10-16},
}

@inproceedings{charlet2017simbow,
  title = {Simbow at SemEval-2017 Task 3},
  subtitle = {Soft-Cosine Semantic Similarity Between Questions for Community Question Answering},
  author = {Charlet, Delphine and Damnati, Geraldine},
  booktitle = {Proceedings of the 11th International Workshop on Semantic Evaluation (SemEval-2017)},
  pages = {315-319},
  year = {2017},
  url = {https://aclanthology.org/S17-2051/},
  urldate = {2021-10-16},
}

@unpublished{sojka2019concrete,
  title = {Continuous and Discrete Language Representations},
  subtitle = {Concrete Linguistics},
  titleaddon = {{GA} {ČR} proposal {20-14683S}},
  author = {Sojka, Petr and others},
  date = {2019-04-05},
}

@unpublished{sojka2020concrete,
  title = {Concrete Interpretable Representations of Words and Phrases
           and their Compositionality},
  titleaddon = {{GA} {ČR} proposal {21-32133S}},
  author = {Sojka, Petr and others},
  date = {2020-04-05},
}

@thesis{hanel2014vizualizace,
  author = {Ondřej Haněl},
  title = {Vizualizace podobnosti dat digitální knihovny},
  year = 2014,
  type = {mathesis},
  institution = {Faculty of Informatics, Masaryk University},
  supervisor = {Petr Sojka},
  location = {Brno},
  url = {https://is.muni.cz/th/eo8nr/},
  urldate = {2020-01-16},
  langid = {czech},
}

@thesis{kuchar2021evaluation,
  author = {Jakub Kuchár},
  title = {Evaluation and Interpretation of Word Embeddings},
  year = 2021,
  type = {bathesis},
  institution = {Faculty of Informatics, Masaryk University},
  supervisor = {Vít Novotný},
  location = {Brno},
  url = {https://is.muni.cz/th/eycxc/},
  urldate = {2020-01-16},
}

@thesis{petr2021document,
  author = {Michal Petr},
  title = {Document maps},
  subtitle = {Visualization tool for semantic document representations},
  year = 2021,
  type = {bathesis},
  institution = {Faculty of Informatics, Masaryk University},
  supervisor = {Vít Novotný},
  location = {Brno},
  url = {https://is.muni.cz/th/ils8r/},
  urldate = {2020-01-16},
}

@thesis{novotny2017vector,
  author = {Vít Novotný},
  title = {Vector Space Representations in Information Retrieval},
  year = 2017,
  type = {mathesis},
  institution = {Faculty of Informatics, Masaryk University},
  supervisor = {Petr Sojka},
  location = {Brno},
  url = {https://is.muni.cz/th/fuaps/},
  urldate = {2020-01-16},
}

@article{mikolov2013efficient,
  title = {Efficient estimation of word representations in vector space},
  author = {Mikolov, Tomáš and Chen, Kai and Corrado, Greg and Dean, Jeffrey},
  year = {2013},
  url = {https://arxiv.org/abs/1301.3781v3},
  urldate = {2021-10-16},
}

@article{bojanowski2017enriching,
  title = {Enriching word vectors with subword information},
  author = {Bojanowski, Piotr and Grave, Edouard and Joulin, Armand and Mikolov, Tomáš},
  journal = {Transactions of the Association for Computational Linguistics},
  volume = 5,
  pages = {135--146},
  year = 2017,
  publisher = {MIT Press},
  issn = {2307-387X},
  doi = {10.1162/tacl_a_00051},
}

@inproceedings{mikolov2018advances,
  title = {Advances in Pre-Training Distributed Word Representations},
  author = "Mikolov, Tomáš  and
    Grave, Edouard  and
    Bojanowski, Piotr  and
    Puhrsch, Christian  and
    Joulin, Armand",
  booktitle = "Proceedings of the Eleventh International Conference on
               Language Resources and Evaluation ({LREC} 2018)",
  month = May,
  year = 2018,
  address = "Miyazaki, Japan",
  publisher = "European Language Resources Association {(ELRA)}",
  url = "https://www.aclweb.org/anthology/L18-1008",
}

@inproceedings{grave2018learning,
  title = {Learning Word Vectors for 157 Languages},
  author = "Grave, Edouard  and  Bojanowski, Piotr  and
            Gupta, Prakhar  and Joulin, Armand  and Mikolov, Tomáš",
  booktitle = "Proceedings of the Eleventh International Conference on
               Language Resources and Evaluation ({LREC} 2018)",
  month = May,
  year = 2018,
  address = "Miyazaki, Japan",
  publisher = "European Language Resources Association ({ELRA})",
  url = "https://www.aclweb.org/anthology/L18-1550",
}

@inproceedings{rogers2017too,
  title = {The (too many) problems of analogical reasoning with word vectors},
  author = {Rogers, Anna and Drozd, Aleksandr and Li, Bofang},
  booktitle = {Proceedings of the 6th Joint Conference on Lexical and
               Computational Semantics ({*SEM} 2017)},
  pages = {135--148},
  year = {2017},
}

@inproceedings{ghannay2016word,
  title = "Word Embedding Evaluation and Combination",
  author = "Ghannay, Sahar  and
    Favre, Benoit  and
    Est{\'e}ve, Yannick  and
    Camelin, Nathalie",
  booktitle = "Proceedings of the Tenth International Conference on
               Language Resources and Evaluation ({LREC}'16)",
  month = may,
  year = "2016",
  address = "Portorož, Slovenia",
  publisher = "European Language Resources Association (ELRA)",
  url = "https://aclanthology.org/L16-1046",
  pages = "300--305",
}

@inproceedings{chiu2016intrinsic,
  title = "{Intrinsic Evaluation of Word Vectors Fails to Predict Extrinsic Performance}",
  author = "Chiu, Billy and Korhonen, Anna and Pyysalo, Sampo",
  booktitle = "Proceedings of the 1st Workshop on Evaluating
               Vector-Space Representations for {NLP}",
  month = aug,
  year = "2016",
  address = "Berlin, Germany",
  publisher = "{ACL}",
  doi = "10.18653/v1/W16-2501",
  pages = "1--6",
}

@inproceedings{rogers2018whats,
  title = "What{'}s in Your Embedding, And How It Predicts Task Performance",
  author = "Rogers, Anna and Hosur Ananthakrishna, Shashwath and Rumshisky, Anna",
  booktitle = "Proceedings of the 27th International Conference on
               Computational Linguistics",
  month = Aug,
  year = 2018,
  address = "Santa Fe, New Mexico, USA",
  publisher = "ACL",
  url = "https://aclanthology.org/C18-1228",
  pages = "2690--2703",
}

@article{yonghui2016google,
  title = {Google's Neural Machine Translation System},
  subtitle = {Bridging the gap between human and machine translation},
  author = {Wu, Yonghui and Schuster, Mike and Chen, Zhifeng and Le,
            Quoc V and Norouzi, Mohammad and Macherey, Wolfgang and
            Krikun, Maxim and Cao, Yuan and Gao, Qin and Macherey, Klaus
            and Klingner, Jeff and Shah, Apurva and Johnson, Melvin and
            Liu, Xiaobing and Kaiser, Lukasz and Gouws, Stephan and
            Kato, Yoshikiyo and Kudo, Taku and Kazawa, Hideto and
            Stevens, Keith and Kurian, George and Patil, Nishant and
            Wang, Wei and Young, Cliff and Smith, Jason and Riesa, Jason
            and Rudnick, Alex and Vinyals, Oriol and Corrado, Greg and
            Hughes, Macduff and Dean, Jeffrey},
  year = {2016},
  url = {https://arxiv.org/abs/1609.08144v2},
  urldate = {2021-10-16},
}

@online{sennrich2016neural,
  title = {Neural machine translation of rare words with subword units},
  author = {Sennrich, Rico and Haddow, Barry and Birch, Alexandra},
  year = {2016},
  url = {https://arxiv.org/abs/1508.07909v5},
  urldate = {2021-10-16},
}

@online{pinelis2018exp,
  title = {The exp-normal distribution is infinitely divisible},
  author = {Pinelis, Iosif},
  year = {2018},
  url = {https://arxiv.org/abs/1803.09838v1},
  urldate = {2021-10-20},
}

@unpublished{stefanik2021regemt,
  eventtitle = {The 2021 Conference on Empirical Methods in Natural
                Language Processing {EMNLP} 2021},
  eventsubtitle = {Sixth Conference on Machine Translation ({WMT21})},
  eventdate = {2021-11-10},
  eventvenue = {Barceló Bávaro Convention Centre, Punta Cana,
                Dominican Republic},
  title = {{RegEMT}},
  subtitle = {Regressive Ensemble for Machine Translation Quality
              Evaluation},
  author = {Michal Štefánik and Vít Novotný and Petr Sojka},
  date = {2021-11-10},
  url = {https://mir.fi.muni.cz/posters/emnlp-2021-regemt.pdf},
  urldate = {2021-10-16},
}

@inproceedings{lample2020deep,
  title = {Deep Learning for Symbolic Mathematics},
  booktitle = {8th International Conference on Learning Representations, {ICLR} 2020},
  location = {Addis Ababa, Ethiopia},
  eventdate = {2020-04-26},
  author = {Guillaume Lample and François Charton},
  year = {2020},
  url = {https://arxiv.org/abs/1912.01412v1},
  urldate = {2021-10-20},
}

@inproceedings{zhang2020bertscore,
  title = {{BERTScore}},
  subtitle = {Evaluating Text Generation with {BERT}},
  booktitle = {8th International Conference on Learning Representations, {ICLR} 2020},
  location = {Addis Ababa, Ethiopia},
  eventdate = {2020-04-26},
  author = {Tianyi Zhang and Varsha Kishore and Felix Wu and Kilian Q. Weinberger and Yoav Artzi},
  year = {2020},
  url = {https://arxiv.org/abs/1904.09675v3},
  urldate = {2021-10-21},
}

@online{apica2017digital,
  author = {Apica},
  title = {Digital Desertion},
  subtitle = {The Rise of Consumer Expectations on Website and Application
              Performance and the Impact of Negative Digital Experiences},
  titleaddon = {Executive Report},
  month = Jul,
  year = {2017},
  url = {https://resources.apica.io/content/consumer-expectations-survey},
  urldate = {2021-10-20},
}

@inproceedings{levy2014neural,
  title = {Neural word embedding as implicit matrix factorization},
  author = {Levy, Omer and Goldberg, Yoav},
  booktitle = {Advances in Neural Information Processing Systems},
  volume = {27},
  editor = {Ghahramani, Z and Welling, M and Cortes, C and Lawrence, N D and Weinberger K Q},
  pages = {2177--2185},
  year = 2014,
  publisher = {Curran Associates, Inc.},
  url = {https://proceedings.neurips.cc/paper/2014/file/feab05aa91085b7a8012516bc3533958-Paper.pdf},
}

@article{levy2015improving,
  title = {Improving distributional similarity with lessons learned from word embeddings},
  author = {Levy, Omer and Goldberg, Yoav and Dagan, Ido},
  journal = {Transactions of the Association for Computational Linguistics},
  volume = {3},
  pages = {211--225},
  year = {2015},
  publisher = {MIT Press},
  url = {https://aclanthology.org/Q15-1016.pdf},
}

@inproceedings{vaswani2017attention,
  title = {Attention is All you Need},
  author = {Vaswani, Ashish and Shazeer, Noam and Parmar, Niki and Uszkoreit,
            Jakob and Jones, Llion and Gomez, Aidan N and Kaiser, Lukasz and
            Polosukhin, Illia},
  booktitle = {Advances in Neural Information Processing Systems},
  editor = {I. Guyon and U. V. Luxburg and S. Bengio and H. Wallach and R.
            Fergus and S. Vishwanathan and R. Garnett},
  pages = {5998--6008},
  publisher = {Curran Associates, Inc.},
  url = {https://proceedings.neurips.cc/paper/2017/file/3f5ee243547dee91fbd053c1c4a845aa-Paper.pdf},
  volume = {30},
  year = {2017},
}

@inproceedings{rudolph2016exponential,
  title = {Exponential Family Embeddings},
  author = {Rudolph, Maja and Ruiz, Francisco and Mandt, Stephan and Blei, David},
  booktitle = {Advances in Neural Information Processing Systems},
  editor = {D. D. Lee and M. Sugiyama and U. V. Luxburg and I. Guyon and R. Garnett},
  pages = {478--486},
  publisher = {Curran Associates, Inc.},
  url = {http://papers.nips.cc/paper/6571-exponential-family-embeddings.pdf},
  volume = {29},
  year = {2016},
}

@inbook{bach2012context,
  title = {Context dependence (such as it is)},
  author = {Bach, Kent},
  booktitle = {The Continuum Companion to the Philosophy of Language},
  pages = {153--184},
  numpages = {400},
  isbn = {9780826444066},
  year = {2012},
  publisher = {Continuum London},
  url = {http://userwww.sfsu.edu/kbach/Bach.ContextDependence.pdf},
}

@inproceedings{zhao2019moverscore,
  title = {{MoverScore}},
  subtitle = {Text Generation Evaluating with Contextualized Embeddings and
              Earth Mover Distance},
  author = {Zhao, Wei and Peyrard, Maxime and Liu, Fei and Gao, Yang and
            Meyer, Christian M. and Eger, Steffen},
  booktitle = {Proceedings of the 2019 Conference on Empirical Methods in
               Natural Language Processing and the 9th International Joint
               Conference on Natural Language Processing ({EMNLP-IJCNLP})},
  month = Nov,
  year = {2019},
  address = {Hong Kong, China},
  publisher = {Association for Computational Linguistics},
  doi = {10.18653/v1/D19-1053},
  pages = {563--578},
}

@article{caliskan2017semantics,
  title = {Semantics derived automatically from language corpora contain human-like biases},
  author = {Caliskan, A and Bryson, J J and Narayanan, A},
  journal = {Science},
  volume = {356},
  number = {6334},
  pages = {183-186},
  year = {2017},
  publisher = {American Association for the Advancement of Science},
}

@inproceedings{cormack2009reciprocal,
  author = {Cormack, Gordon V. and Clarke, Charles L. A. and Büttcher, Stefan},
  title = {Reciprocal Rank Fusion Outperforms Condorcet and Individual Rank Learning Methods},
  year = 2009,
  isbn = {9781605584836},
  publisher = {{ACM}},
  address = {New York, {NY}, {USA}},
  doi = {10.1145/1571941.1572114},
  booktitle = {Proceedings of the 32nd International {ACM SIGIR} Conference on
               Research and Development in Information Retrieval},
  pages = {758--759},
  location = {Boston, {MA}, {USA}},
  series = {SIGIR '09},
}

@book{manning2008introduction,
  author = {Christopher D. Manning and Prabhakar Raghavan and Hinrich Schütze},
  title = {Introduction to Information Retrieval},
  publisher = {Cambridge University Press},
  year = 2008,
  isbn = {0521865719},
}

@misc{godwin1991re,
  author = {Mike Godwin},
  date = {1991-08-18},
  note = {Newsgroup: \url{news:rec.arts.sf-lovers}.
          Usenet: \url{news:1991Aug18.215029.19421@eff.org}},
}

@inproceedings{lin2021batch,
  title = {In-Batch Negatives for Knowledge Distillation with Tightly-Coupled
           Teachers for Dense Retrieval},
  author = {Lin, Sheng-Chieh and Yang, Jheng-Hong and Lin, Jimmy},
  booktitle = {Proceedings of the 6th Workshop on Representation Learning
               for {NLP} {(RepL4NLP-2021)}},
  month = Aug,
  year = {2021},
  publisher = {Association for Computational Linguistics},
  doi = {10.18653/v1/2021.repl4nlp-1.17},
  pages = {163-173},
}

@article{sidorov2014soft,
  title = {Soft similarity and soft cosine measure},
  subtitle = {Similarity of features in vector space model},
  author = {Sidorov, Grigori and Gelbukh, Alexander and Gómez-Adorno, Helena and Pinto, David},
  journal = {Computación y Sistemas},
  volume = 18,
  number = 3,
  pages = {491-504},
  year = 2014,
  publisher = {Centro de Investigación en Computación, {IPN}}
}

@article{salton1988termweighting,
  author = {Gerard Salton and Chris Buckley},
  title = {Term-weighting approaches in automatic text retrieval},
  journal = {{IP\&M}},
  volume = 24,
  issue = 5,
  pages = {513-523},
  year = 1988,
}

@online{novotny2018implementa,
  title = {Implement Soft Cosine Measure},
  author = {Vít Novotný},
  date = {2018-01-06},
  url = {https://github.com/RaRe-Technologies/gensim/pull/1827},
  urldate = {2021-10-23},
}

@online{novotny2018implementb,
  title = {Implement Levenshtein term similarity matrix and
           fast {SCM} between corpora},
  author = {Vít Novotný},
  date = {2018-06-05},
  url = {https://github.com/RaRe-Technologies/gensim/pull/2016},
  urldate = {2021-10-23},
}

@online{novotny2020reduce,
  title = {Reduce memory use of the term similarity matrix constructor,
           deprecate the positive\_definite parameter, and extend normalization
           capabilities of the inner\_product method},
  author = {Vít Novotný},
  date = {2020-04-04},
  url = {https://github.com/RaRe-Technologies/gensim/pull/2783},
  urldate = {2021-10-23},
}

@online{novotny2021use,
  title = {Use {FastSS} for fast {kNN} over Levenshtein distance},
  author = {Vít Novotný},
  date = {2021-05-15},
  url = {https://github.com/RaRe-Technologies/gensim/pull/3146},
  urldate = {2021-10-23},
}

@inproceedings{rehurek2010software,
  title = {Software framework for topic modelling with large corpora},
  author = {Řehůřek, Radim and Sojka, Petr},
  booktitle = {Proceedings of the {LREC} 2010 workshop on new challenges for NLP frameworks},
  year = {2010},
  pages = {45-50},
  publisher = {ELRA},
  address = {Valletta, Malta},
}

@online{thomas2004digital,
  title = {Digital Mathematics Library},
  subtitle = {Final Report},
  author = {Thomas, Sarah E and Dennis, R Keith and Poland, Jean},
  month = Oct,
  year = {2004},
  url = {http://www.library.cornell.edu/dmlib/DMLreport_final.pdf},
  urldate = {2013-06-08},
}

@book{cajori1993history,
  title = {A History of Mathematical Notations},
  author = {Cajori, Florian},
  volume = {1--2},
  isbn = {9780486677668},
  series = {A History of Mathematical Notations},
  year = {1993},
  publisher = {Dover Publications},
  pagetotal = {818},
}

@periodical{glensbrecht2006special,
  title = {{ACM} {SIGSAM} Bulletin},
  subtitle = {Special issue of OpenMath},
  editor = {Giesbrecht, Mark and Dewar, Mike},
  year = {2006},
  month = Jun,
  volume = {34},
  issue = {2},
  issn = {0163-5824},
  publisher = {Association for Computing Machinery},
  location = {New York, {NY}, United States},
  doi = {10.1145/362001},
}

@book{kohlhase2006omdoc,
  title = {{OMDoc}},
  subtitle = {An Open Markup Format for Mathematical Documents},
  titleaddon = {Version 1.2},
  isbn = {978-3-540-37897-6},
  isbn = {978-3-540-37898-3},
  year = {2006},
  publisher = {Springer-Verlag Berlin Heidelberg},
  edition = {1},
  pagetotal = {xix, 432},
  doi = {10.1007/11826095},
  note = {Foreword by Alan Bundy},
}

@techreport{beeton2017unicode,
  author = {Beeton, Barbara and Freytag, Asmus and Sargent III, Murray},
  title = {Unicode Support for Mathematics},
  date = {2017-05-30},
  urldate = {2021-03-05},
  url = {http://www.unicode.org/reports/tr25/},
}

@online{ausbrooks2014minermathematical,
  title = {Mathematical markup language ({MathML})},
  titleaddon = {Version 3.0 2nd edition},
  editor = {David Carlisle and Patrick Ion and Robert Miner},
  author = {Ron Ausbrooks and Stephen Buswell and David Carlisle and Giorgi
    Chavchanidze and Stéphane Dalmas and Stan Devitt and Angel Diaz and Sam
    Dooley and Roger Hunter and Patrick Ion and Michael Kohlhase and Azzeddine
    Lazrek and Paul Libbrecht and Bruce Miller and Robert Miner and Chris
    Rowley and Murray Sargent and Bruce Smith and Neil Soiffer and Robert Sutor
    and Stephen Watt},
  year = {2014},
  publisher = {{W3C}},
  url = {https://www.w3.org/TR/MathML3/Overview.html},
  urldate = {2020-01-16},
}

@article{stamerjohanns2010transforming,
  title = {Transforming large collections of scientific publications to {XML}},
  author = {Stamerjohanns, Heinrich and Kohlhase, Michael and Ginev, Deyan and
            David, Catalin and Miller, Bruce},
  journal = {Mathematics in Computer Science},
  volume = {3},
  number = {3},
  pages = {299--307},
  year = {2010},
  publisher = {Springer},
}

@inproceedings{robertson1994okapi,
  booktitle = {The Second Text REtrieval Conference ({TREC}-2)},
  title = {Okapi at {TREC}-2},
  author = {Robertson, Stephen and Walker, Steve and Jones, Susan and
            Hancock-Beaulieu, Micheline and Gatford, Mike},
  journal = {{NIST} Special Publication},
  month = Jan,
  year = {1994},
  pagetotal = {14},
  publisher = {National Institute of Standards \& Technology},
  location = {Gaithersburg, {MD}},
  url = {https://www.microsoft.com/en-us/research/publication/okapi-at-trec-2/},
  pages = {21-34},
}

@online{tracyone2014,
  title = {One Million Preprints and Counting},
  subtitle = {A conversation with {arXiv} founder Paul Ginsparg},
  author = {Tracy Vence},
  journal = {The Scientist},
  date = {2014-12-29},
  url = {http://www.the-scientist.com/?articles.view/articleNo/41677/title/Q-A--One-Million-Preprints-and-Counting/},
  urldate = {2020-01-09},
}

@article{bouche2004introducing,
  title = {Introducing the {Mini-DML} Project},
  author = {Bouche, Thierry},
  journal = {New Developments in Electronic Publishing, {AMS}/{SMM} Special Session, Houston},
  pages = {19-29},
  year = {2004}
}

@online{anghelache2013eudml,
  author =       "Romeo Anghelache and Petr Sojka and Vlastislav Dohnal
                  and Radoslav Pavlov and Georgi Simeonov and Michael
                  Jost and Klaus Kiermeier and Lucia Santamaria Lara and
                  Helena MihaljevicandBrandt and Aleksandar Perovic and
                  Olaf Teschke and Aleksander Nowinski and JeanandLuc
                  Archimbaud and Krzysztof Wojciechowski and Brigitte
                  BidegarayandFesquet and Yves Laurent and Thierry Bouche
                  and Julien Puydt",
  edition =      "2.22 as of 12th April 2013",
  publisher =    "{EU CIP-ICT-PSP} project 250503 {EuDML}:
                  The European Digital Mathematical Library",
  title =        "{EuDML} Assessment and Evaluation -- Final Report:
                  Deliverable 11.4 of project {EuDML}",
  URL =          "https://wiki.eudml.eu/eudml-w/images/D11.4.pdf",
  urldate =      {2020-01-10},
  year =         "2013",
}

@online{bouche2013final,
  author =       "Thierry Bouche and Claude Goutorbe and Nicolas
                  Houillon and JeanandPaul Jorda and Romeo Anghelache and
                  Vittorio Coti Zelati and Vlastimil Krejčíř and Petr
                  Sojka",
  edition =      "1.1 as of 30th January 2013",
  publisher =    "{EU CIP-ICT-PSP} project 250503 {EuDML}:
                  The European Digital Mathematical Library",
  title =        "Final report on external imported metadata:
                  Deliverable 3.5 of project {EuDML}",
  URL =          "https://wiki.eudml.eu/eudml-w/images/D3.5.pdf",
  urldate =      {2020-01-10},
  year =         "2013",
}

@online{lee2013toolset,
  author =       "Mark Lee and Petr Sojka and Radim Řehůřek and Radim
                  Hatlapatka and Maroš Kucbel and Thierry Bouche and
                  Claude Goutorbe and Romeo Anghelache and Krzysztof
                  Wojciechowski",
  edition =      "1.0 as of 8th February 2013",
  publisher =    "{EU CIP-ICT-PSP} project 250503 {EuDML}:
                  The European Digital Mathematical Library",
  title =        "Toolset for Entity and Semantic Associations -- Final
                  Release: Deliverable 8.4 of project {EuDML}",
  URL =          "https://project.eudml.org/sites/default/files/D8.4.pdf",
  urldate =      {2020-01-10},
  year =         "2013",
}

@online{wojciechowski2013toolset,
  author =       "Krzys Wojciechowski and Petr Sojka and Nicolas
                  Houillon and Michal Růžička and Radim Hatlapatka and
                  Vlastimil Krejčíř and Miroslav Hrdina and Jiří
                  Sochor and Pavel Rychlý and Aleš Horák and Alan
                  Sexton and Gilberto Pedrosa and Franck Lontin and
                  Thierry Bouche and Maciej Kołuda",
  edition =      "1 as of 9th February 2013",
  publisher =    "{EU CIP-ICT-PSP} project 250503 {EuDML}:
                  The European Digital Mathematical Library",
  title =        "Toolset for Image and Text Processing and Metadata
                  Enhancements -- Final Release: Deliverable 7.4 of
                  project {EuDML}",
  URL =          "https://wiki.eudml.eu/eudml-w/images/D7.4-v1.0.pdf",
  urldate =      {2020-01-10},
  year =         "2013",
}

@Misc{wojciechowski2013eudml,
  author =       "Krzyś Wojciechowski and Aleksander Nowiński and Petr
                  Sojka and Martin Líška",
  edition =      "1.2 as of 11th February 2013",
  publisher =    "{EU CIP-ICT-PSP} project 250503 {EuDML}:
                  The European Digital Mathematical Library",
  title =        "The {EuDML} Search and Browse Service -- Final:
                  Deliverable 5.3 of project {EuDML}",
  URL =          "https://project.eudml.org/sites/default/files/D5_3_v1.2.pdf",
  urldate =      {2020-01-10},
  year =         "2013",
}

@inproceedings{rehurek2011subspace,
  title = {Subspace tracking for latent semantic analysis},
  author = {Řehůřek, Radim},
  booktitle = {European Conference on Information Retrieval},
  pages = {289--300},
  year = {2011},
  organization = {Springer},
}

@article{deerwester1990indexing,
  title = {Indexing by latent semantic analysis},
  author = {Deerwester, Scott and Dumais, Susan T and Furnas, George W and
            Landauer, Thomas K and Harshman, Richard},
  journal = {Journal of the American society for information science},
  volume = {41},
  number = {6},
  pages = {391--407},
  year = {1990},
  publisher = {Wiley Online Library},
}

@article{gutmann2012noise,
  title = {Noise-contrastive estimation of unnormalized statistical models,
           with applications to natural image statistics},
  author = {Gutmann, Michael U. and Hyvärinen, Aapo},
  journal = {The Journal of Machine Learning Research, {JLMR}},
  volume = {13},
  number = {1},
  pages = {307--361},
  year = {2012},
  url = {https://www.jmlr.org/papers/volume13/gutmann12a/gutmann12a.pdf},
  publisher = {{JMLR.org}},
}

@inproceedings{mnih2013advances,
  author = {Mnih, Andriy and Kavukcuoglu, Koray},
  booktitle = {Advances in Neural Information Processing Systems},
  editor = {C. J. C. Burges and L. Bottou and M. Welling and Z. Ghahramani and K. Q. Weinberger},
  pages = {2265--2273},
  publisher = {Curran Associates, Inc.},
  title = {Learning word embeddings efficiently with noise-contrastive estimation},
  url = {https://proceedings.neurips.cc/paper/2013/file/db2b4182156b2f1f817860ac9f409ad7-Paper.pdf},
  volume = {26},
  year = {2013},
}

@inproceedings{peters2018deep,
  title = {Deep contextualized word representations},
  author = {Peters, Matthew E and Neumann, Mark and Iyyer, Mohit and Gardner,
            Matt and Clark, Christopher and Lee, Kenton and Zettlemoyer, Luke},
  booktitle = {Proceedings of NAACL-HLT},
  pages = {2227--2237},
  year = {2018},
  url = {https://arxiv.org/abs/1802.05365v2},
}

@article{sutskever2014sequence,
  title = {Sequence to sequence learning with neural networks},
  author = {Sutskever, Ilya and Vinyals, Oriol and Le, Quoc V},
  booktitle = {Advances in Neural Information Processing Systems},
  volume = {27},
  pages = {3104--3112},
  year = {2014},
  url = {https://proceedings.neurips.cc/paper/2014/file/a14ac55a4f27472c5d894ec1c3c743d2-Paper.pdf},
}

@online{cho2014learning,
  title = {Learning phrase representations using RNN encoder-decoder for statistical machine translation},
  author = {Cho, Kyunghyun and Van Merriënboer, Bart and Gulcehre, Caglar and Bahdanau, Dzmitry and Bougares, Fethi and Schwenk, Holger and Bengio, Yoshua},
  year = {2014},
  url = {https://arxiv.org/abs/1406.1078v3},
  urldate = {2021-10-27},
}

@online{cho2014properties,
  title = {On the properties of neural machine translation: Encoder-decoder approaches},
  author = {Cho, Kyunghyun and Van Merriënboer, Bart and Bahdanau, Dzmitry and Bengio, Yoshua},
  year = {2014},
  url = {https://arxiv.org/abs/1409.1259v2},
  urldate = {2021-10-27},
}

@online{bahdanau2014neural,
  title = {Neural machine translation by jointly learning to align and translate},
  author = {Bahdanau, Dzmitry and Cho, Kyunghyun and Bengio, Yoshua},
  year = {2016},
  url = {https://arxiv.org/abs/1409.0473v7},
  urldate = {2021-10-27},
}

@online{perez2019turing,
  title = {On the turing completeness of modern neural network architectures},
  author = {Pérez, Jorge and Marinković, Javier and Barceló, Pablo},
  year = {2019},
  url = {https://arxiv.org/abs/1901.03429v1},
}

@online{yun2020transformers,
  title = {Are Transformers universal approximators of sequence-to-sequence functions?},
  author = {Yun, Chulhee and Bhojanapalli, Srinadh and Rawat, Ankit Singh and
            Reddi, Sashank J and Kumar, Sanjiv},
  year = {2020},
  url = {https://arxiv.org/abs/1912.10077v2},
}

@online{cheng2016long,
  title = {Long short-term memory-networks for machine reading},
  author = {Cheng, Jianpeng and Dong, Li and Lapata, Mirella},
  year = {2016},
  url = {https://arxiv.org/abs/1601.06733v7},
  urldate = {2021-10-27},
}

@inproceedings{vaswani2017attention,
  author = {Vaswani, Ashish and Shazeer, Noam and Parmar, Niki and Uszkoreit,
            Jakob and Jones, Llion and Gomez, Aidan N and Kaiser, Łukasz and
            Polosukhin, Illia},
  booktitle = {Advances in Neural Information Processing Systems},
  editor = {I. Guyon and U. V. Luxburg and S. Bengio and H. Wallach and R.
            Fergus and S. Vishwanathan and R. Garnett},
  pages = {5998--6008},
  publisher = {Curran Associates, Inc.},
  title = {Attention is All you Need},
  url = {https://proceedings.neurips.cc/paper/2017/file/3f5ee243547dee91fbd053c1c4a845aa-Paper.pdf},
  volume = {30},
  year = {2017},
}

@inproceedings{dai2019transformer,
  title = {Transformer-{XL}: Attentive Language Models beyond a Fixed-Length Context},
  author = {Dai, Zihang and Yang, Zhilin and Yang, Yiming and Carbonell, Jaime and
            Le, Quoc and Salakhutdinov, Ruslan},
  booktitle = {Proceedings of the 57th Annual Meeting of the Association for
               Computational Linguistics},
  month = Jul,
  year = {2019},
  address = {Florence, Italy},
  publisher = {Association for Computational Linguistics},
  doi = {10.18653/v1/P19-1285},
  pages = {2978-2988},
}

@online{child2019generating,
  title = {Generating long sequences with sparse transformers},
  author = {Child, Rewon and Gray, Scott and Radford, Alec and Sutskever, Ilya},
  url = {https://arxiv.org/abs/1904.10509v1},
  year = {2019},
  urldate = {2021-10-27},
}

@online{beltagy2020longformer,
  title = {Longformer},
  subtitle = {The long-document transformer},
  author = {Beltagy, Iz and Peters, Matthew E and Cohan, Arman},
  url = {https://arxiv.org/abs/2004.05150v2},
  year = {2020},
  urldate = {2021-10-27},
}

@online{zaheer2020bigbird,
  title = {Big Bird},
  subtitle = {Transformers for longer sequences},
  author = {Zaheer, Manzil and Guruganesh, Guru and Dubey, Avinava and Ainslie,
            Joshua and Alberti, Chris and Ontanon, Santiago and Pham, Philip and
            Ravula, Anirudh and Wang, Qifan and Yang, Li and others},
  url = {https://arxiv.org/abs/2007.14062v1},
  year = {2020},
  urldate = {2021-10-27},
}

@inproceedings{dai2019transformerxl,
  title = {Transformer-{XL}},
  subtitle = {Attentive Language Models beyond a Fixed-Length Context},
  author = {Dai, Zihang and Yang, Zhilin and Yang, Yiming and  Carbonell, Jaime and
            Le, Quoc and Salakhutdinov, Ruslan},
  booktitle = {Proceedings of the 57th Annual Meeting of the Association for
               Computational Linguistics},
  month = Jul,
  year = {2019},
  address = {Florence, Italy},
  publisher = {Association for Computational Linguistics},
  doi = {10.18653/v1/P19-1285},
  pages = {2978-2988},
}
